@article{see2017get,
  title={Get to the point: Summarization with pointer-generator networks},
  author={See, Abigail and Liu, Peter J and Manning, Christopher D},
  journal={arXiv preprint arXiv:1704.04368},
  year={2017}
}

@inproceedings{pasunuru2017towards,
  title={Towards improving abstractive summarization via entailment generation},
  author={Pasunuru, Ramakanth and Guo, Han and Bansal, Mohit},
  booktitle={Proceedings of the Workshop on New Frontiers in Summarization},
  pages={27--32},
  year={2017}
}

@article{gehrmann2018bottom,
  title={Bottom-up abstractive summarization},
  author={Gehrmann, Sebastian and Deng, Yuntian and Rush, Alexander M},
  journal={arXiv preprint arXiv:1808.10792},
  year={2018}
}

@inproceedings{cao2018faithful,
  title={Faithful to the original: Fact aware neural abstractive summarization},
  author={Cao, Ziqiang and Wei, Furu and Li, Wenjie and Li, Sujian},
  booktitle={Thirty-Second AAAI Conference on Artificial Intelligence},
  year={2018}
}

@article{chen2018fast,
  title={Fast abstractive summarization with reinforce-selected sentence rewriting},
  author={Chen, Yen-Chun and Bansal, Mohit},
  journal={arXiv preprint arXiv:1805.11080},
  year={2018}
}

@article{lin2004rouge,
  title={Rouge: A package for automatic evaluation of summaries},
  author={Lin, Chin-Yew},
  journal={Text Summarization Branches Out},
  year={2004}
}

@article{devlin2018bert,
  title={Bert: Pre-training of deep bidirectional transformers for language understanding},
  author={Devlin, Jacob and Chang, Ming-Wei and Lee, Kenton and Toutanova, Kristina},
  journal={arXiv preprint arXiv:1810.04805},
  year={2018}
}

@ARTICLE{spacy2,
   AUTHOR  = {Honnibal, Matthew AND Montani, Ines},
   TITLE   = {spaCy 2: Natural language understanding with Bloom embeddings, convolutional neural networks and incremental parsing},
   YEAR    = {2017},
   JOURNAL = {To appear}
}

@ARTICLE{neuralcoref,
   AUTHOR  = {Wolf, Thomas},
   TITLE   = {NeuralCoref 4.0: Coreference Resolution in spaCy with Neural Networks},
   YEAR    = {2018},
}